@book{clark2014,
    author  = "Ben Clark",
    title = "RTFM: Red Team Field Manual",
    publisher = "CreateSpace Independent Publishing Platform",
    year = "2014"
};

@book{kurose2016,
    author  = "James Kurose, Keith Ross",
    title = "Computer Networking: A Top-Down Approach (7th Edition) ",
    publisher = "Pearson",
    year = "2016"
};

@book{barrett2001,
    author  = "Daniel J. Barrett, Richard E. Silverman, Robert G. Byrnes",
    title = "SSH, The Secure Shell: The Definitive Guide (Second Edition)",
    publisher = "O'Reilly Media",
    year = "2001"
};

@book{sandberg2015,
    author  = " Bobbi Sandberg ",
    title = "Networking The Complete Reference",
    publisher = "McGraw-Hill Education; 3 edition",
    year = "2015"
};

@book{hunt2002,
    author = "Craig Hunt",
    title = "TCP/IP Network Administration (Third Edition)",
    publisher = "O'Reilly Media",
    year = "2002"
};

@book{weidman2014,
    author  = "Georgia Weidman",
    title = "Penetration Testing: a hands-on introduction to hacking ",
    publisher = "No Starch Press",
    year = "2014"
};

@book{erickson2008,
    author  = "John Erickson",
    title = "Hacking: the art of exploitation ",
    publisher = "No Starch Press",
    year = "2008"
};

@book{seitz2014,
    author  = "Justin Seitz",
    title = "Black Hat Python ",
    publisher = "No Starch Press",
    year = "2014"
};

@book{whitaker2006,
    author  = "Andrew Whitaker, Daniel P. Newman",
    title = "Penetration Testing and Network Defense ",
    publisher = "Cisco Press",
    year = "2006"
};

@book{kim2018,
    author  = "Peter Kim",
    title = "The Hacker's Playbook 3 ",
    publisher = "Secure Planet LLC",
    year = "2018"
};

@book{pyles2016,
    author  = "James Pyles, Jeffrey L. Carrell, Ed Tittel",
    title = "Guide to TCP/IP: IPv6 and IPv4",
    publisher = "Cengage Learning; 5th edition",
    year = "2016"
};

@book{charles2005,
    author  = "Charles M. Kozierok",
    title = "The TCP/IP Guide",
    publisher = "No Starch Press",
    year = "2005"
};

@book{harris2007,
    author  = "Shon Harris, Allen Harper, Chris Eagle, Jonathan Ness ",
    title = "Gray Hat Hacking: The Ethical Hacker's Handbook, 2nd Edition ",
    publisher = "McGraw-Hill Osborne Media",
    year = "2007"
};

@book{splaine2002,
    author  = "Steve Splaine ",
    title = "Testing Web Security ",
    publisher = "Wiley Publishing, Inc.",
    year = "2002"
};

@book{engebretson2011,
    author  = "Patrick Engebretson ",
    title = "The Basics of Hacking and Penetration Testing: Ethical Hacking and Penetration Testing Made Easy ",
    publisher = "Syngress",
    year = "2011"
};

@standard{nist2008,
    title = "{Technical Guide to Information Security Testing and Assessment}",
    number	= "800-115",
    author =  "National Institute of Standards and Technology",
    organization = "National Institute of Standards and Technology",
    year = "2008"
};

@standard{pci2015,
    author = "{Penetration Test Guidance Special Interest Group}",
    title		=	"PCI Data Security Standard (PCI DSS)",
    number	=	"1.0",
    organization	=	"PCI Security Standards Council",
    year		=	"2015"
};

@standard{osstmm2010,
    author = "{Institute for Security and Open Methodology (ISECOM)}",
    title		=	"{The Open Source Security Testing Methodology Manual}",
    number	=	"vol 3",
    organization	=	"Institute for Security and Open Methodology (ISECOM)",
    year		=	"2010"
};

@standard{fedramp2017,
    title		=	"{Penetration Testing Guidance}",
    author = "{FedRAMP}",
    number	=	"vol 2.0",
    organization	=	"FedRAMP)",
    year		=	"2017"
};


@standard{owasp2014,
    title		=	"Open Web Application Security Project Testing Guide",
    number	=	"4.0",
    author = "{Open Web Application Security Project Organization (OWASP)}",
    organization	=	"Open Web Application Security Project Organization",
    year		=	"2014"
};

@article{doshi2015,
    author = "Doshi Jignesh and Trivedi Bhushan",
    year = "2015",
    month = "04",
    pages = "51-53",
    title = "Comparison of Vulnerability Assessment and Penetration Testing",
    volume = "8",
    journal = "International Journal of Applied Information Systems",
    doi = "10.5120/ijais15-451326"
};

@article{shah2014,
    author = "Shah, Sugandh and Mehtre, Babu",
    year = "2014",
    month = "02",
    pages = "27-49",
    title = "An overview of vulnerability assessment and penetration testing techniques",
    volume = "11",
    journal = "Journal of Computer Virology and Hacking Techniques",
    doi = "10.1007/s11416-014-0231-x"
};

@article{goel2015,
    author = "Narayan Goel, Jai and Mehtre, Babu",
    year = "2015",
    month = "12",
    pages = "710-715",
    title = "Vulnerability Assessment & Penetration Testing as a Cyber Defence Technology",
    volume = "57",
    journal = "Procedia Computer Science",
    doi = "10.1016/j.procs.2015.07.458"
};

@article{mcgraw2004,
    author="G. McGraw",
    journal="IEEE Security Privacy",
    title="Software security",
    year="2004",
    volume="2",
    number="2",
    pages="80-83",
    doi="10.1109/MSECP.2004.1281254",
    ISSN="1540-7993",
    month="03"
};

@article{roldan2017,
    title = "A Comparison of Cybersecurity Risk Analysis Tools",
    journal = "Procedia Computer Science",
    volume = "121",
    pages = "568 - 575",
    year = "2017",
    ISSN = "1877-0509",
    doi = "https://doi.org/10.1016/j.procs.2017.11.075",
};

@inproceedings{ricca2001,
    author="F. Ricca, P. Tonella",
    booktitle="Proceedings of the 23rd International Conference on Software Engineering. ICSE 2001",
    title="Analysis and testing of Web applications",
    year="2001",
    number="919078",
    pages="25-34",
    doi="10.1109/ICSE.2001.919078",
    ISSN="0270-5257",
    month="05"
};

@inproceedings{nuno2010,
    author = "Antunes, Nuno and Vieira, Marco",
    year = "2010",
    month = "08",
    pages = "203 - 210",
    title = "Benchmarking Vulnerability Detection Tools for Web Services",
    doi = "10.1109/ICWS.2010.76"
};

@inproceedings{hadavi2008,
    author = "Hadavi Mohammad, Shirazi Hossei, Mokhtari Sangchi Hasan and Saber Hamishagi Vahid",
    year = "2008",
    month = "03",
    pages = "866-872",
    title = "Software Security; A Vulnerability Activity Revisit",
    doi = "10.1109/ARES.2008.200"
};

@inproceedings{saindane2015,
    author	=	"Manish Saindane",
    title		=	"Penetration Testing - A Systematic Approach",
    booktitle	=	"Infosec Writers",
    year		=	"2015",
    pages		=	"6-10"
};

@inproceedings{tatu1996,
    author	=	"Tatu Ylonen",
    title		=	"SSH - Secure Login Connections over the Internet.",
    booktitle	=	"Proceedings of the 6th USENIX Security Symposium",
    year		=	"1996",
    pages		=	"pp. 37-42"
};

@inproceedings{austin2011,
    author = "Austin Andrew, Williams Laurie",
    title = "One Technique is Not Enough: A Comparison of Vulnerability Discovery Techniques",
    year = "2011",
    month = "09",
    pages = "97-106",
    doi = "10.1109/ESEM.2011.18"
};

@inproceedings{kumar2016,
    author = "Ravi Kumar, Shipra and Yadav, Suman and Sharma, Smita and Singh, Akansha",
    year = "2016",
    month = "02",
    pages = "342-346",
    title = "Recommendations for effective cyber security execution",
    doi = "10.1109/ICICCS.2016.7542327"
};

@inproceedings{stefinko2016,
    author="Y. Stefinko and A. Piskozub and R. Banakh",
    booktitle="2016 13th International Conference on Modern Problems of Radio Engineering, Telecommunications and Computer Science (TCSET)",
    title="Manual and automated penetration testing. Benefits and drawbacks. Modern tendency",
    year="2016",
    month = "11",
    pages="488-491",
    doi="10.1109/TCSET.2016.7452095"
};

@manual{osstmm2001,
    author = "Pete Herzog",
    title = "{Open-Source Security Testing Methodology Manual}",
    edition = "1.5",
    institution = "{ISECOM}",
    year = "2001"
};

@manual{nist2018,
    author = "{National Institute of Standards and Technology (NIST), U.S. Commerce Department’s National Institute of Standards}",
    title = "{Framework for Improving Critical Infrastructure Cybersecurity}",
    edition = "1.1",
    institution = "{National Institute of Standards and Technology (NIST), U.S. Commerce Department’s National Institute of Standards}",
    year = "2018"
};

@techreport{aicpa2018,
    author = "American Institute of CPAs",
    title = "Illustrative Cybersecurity Risk Management Report",
    institution = "American Institute of CPAs",
    year = "2018"
};

@techreport{owasp2017,
    author = "Dave Wichers and Jeff Williams",
    title = "OWASP Top 10 - The Ten Most Critical Web Application Security Risks",
    institution = "Open Web Application Security Project (OWASP)",
    year = "2017"
};

@techreport{nasa2013,
    author = "Brandon F. Murphy",
    title = "Network Penetration Testing and Research",
    institution = "NASA John F. Kennedy Space Center",
    year = "2013"
};

@techreport{rand2016,
    author = "Lillian Ablon, Paul Heaton, Diana Catherine Lavery, Sasha Romanosky",
    title = "Consumer Attitudes Toward Data Breach Notifications and Loss of Personal Information",
    institution = "RAND Corporation",
    year = "2016"
};

@report{verizon2013,
    author = "Verizon Security Solutions",
    title = "Data Breach Investigation Report",
    institution = "Verizon Security Solutions",
    year = "2013"
};

@report{verizon2018,
    author = "Verizon Security Solutions",
    title = "Data Breach Investigation Report",
    institution = "Verizon Security Solutions",
    year = "2018"
};

@report{ibm2014,
    author = "IBM Security Services",
    title = "{IBM Security Services 2014 Cyber Security Intelligence Index}",
    institution = "IBM Security Services",
    year = "2014"
};

@mastersthesis{neha2011,
    author	=	"Samant Neha",
    title		=	"Automated Penetration Testing",
    type		=	"M.S. thesis",
    school	=	"San Jose State University",
    address	=	"USA",
    year		=	"2011"
};

@mastersthesis{shrestha2012,
    author	=	"Nishant Shrestha",
    title		=	"Security Assessment via Penetration Testing: A Network and System Administrator's Approach",
    type		=	"M.S. thesis",
    school	=	"Oslo University College",
    address	=	"Oslo, Sweden",
    year		=	"2012"
};

@mastersthesis{hatziantoniou2018,
    author	=	"Panagiotis Hatziantoniou",
    title		=	"Vulnerability assessment and improvement of Computer Security using tools",
    type		=	"M.S. thesis",
    school	=	"Aristotle University of Thessaloniki",
    address	=	"Thessaloniki, Greece",
    year		=	"2018"
};

@mastersthesis{dionysis2016,
    author	=	"Savvas Dionysis",
    title		=	"Windows and Network Penetration Testing",
    type		=	"M.S. thesis",
    school	=	"University of Pireaus",
    address	=	"Athens, Greece",
    year		=	"2016"
};

@misc{infosec2018,
    author = "InfoSec Institute",
    title = "{The History of Penetration Testing}",
    howpublished = "\url{https://resources.infosecinstitute.com/category/certifications-training/pentesting-certifications/pentesting-history/}",
    year = "2018", 
};

@misc{ptes2011,
    author = "Penetration Testing Standard Organization",    
    title = "{The Penetration Testing Execution Standard}",
    howpublished = "\url{http://www.pentest-standard.org/index.php/Main_Page}",
    year = "2011" 
};

@misc{arch2019doc,
    author = "Black Arch Linux Volunteers",    
    title = "{Black Arch Linux Documentation}",
    howpublished = "\url{https://blackarch.org/blackarch-guide-en.pdf}",
    year = "2019" 
};

@misc{dns2009doc,
    author = "Emanuel Petr",    
    title = "{An analysis of the DNS cache poisoning attack}",
    howpublished = "\url{https://www.nic.cz/files/labs/DNS-cache-poisoning-attack-analysis.pdf}",
    year = "2009" 
};

@misc{dns2010rdoc,
    author = "Sooel Son and Vitaly Shmatikov",    
    title = "{The Hitchhiker’s Guide to DNS Cache Poisoning}",
    howpublished = "\url{https://www.cs.cornell.edu/~shmat/shmat_securecomm10.pdf}",
    year = "2010" 
};

@misc{arch2019tools,
    author = "Black Arch Linux Volunteers and Community",    
    title = "{Black Arch Linux Tools Listing}",
    howpublished = "\url{https://blackarch.org/tools.html}",
    year = "2019" 
};

@misc{parrot2019doc,
    author = "Frozenbox",    
    title = "{ParrotOS Linux Documentation}",
    howpublished = "\url{https://parrotsec.org/docs/intro/what-is-parrot/}",
    year = "2019" 
};

@misc{kali2019doc,
    author = "Kali Linux",    
    title = "{Kali Linux Documentation}",
    howpublished = "\url{https://docs.kali.org/}",
    year = "2019" 
};

@misc{kali2019tools,
    author = "Kali Linux",    
    title = "{Kali Linux Testing Tools Listing}",
    howpublished = "\url{https://tools.kali.org/}",
    year = "2019" 
};

@misc{jsql2019,
    title = "{jSQL Injection}",
    howpublished = "\url{https://github.com/ron190/jsql-injection/}",
    year = "2019" 
};

@misc{sqlninja2011,
    title = "{Sqlninja}",
    howpublished = "\url{http://sqlninja.sourceforge.net/}",
    year = "2011" 
};

@misc{sqlmap2006,
    author = "sqlmap Organization",    
    title = "{sqlmap}",
    howpublished = "\url{http://sqlmap.org/}",
    year = "2006" 
};

@misc{bbqsql2019,
    title = "{BBQSQL}",
    howpublished = "\url{https://github.com/Neohapsis/bbqsql/}",
    year = "2019" 
};

@misc{routersploit2019,
    author = "Reverse Shell Security",    
    title = "{RouterSploit}",
    howpublished = "\url{https://github.com/threat9/routersploit}",
    year = "2019" 
};

@misc{shellnoob2013,
    author = "Yanick Fratantonio",    
    title = "{ShellNoob}",
    howpublished = "\url{https://github.com/reyammer/shellnoob}",
    year = "2013" 
};

@misc{msfvenom2019,
    title = "{MSFvenom Payload Creator (MSFPC)}",
    howpublished = "\url{https://github.com/g0tmi1k/msfpc}",
    year = "2019" 
};

@misc{beef2006,
    author = "Wade Alcorn",    
    title = "{BeEF Project}",
    howpublished = "\url{https://beefproject.com/}",
    year = "2006" 
};

@misc{commix2009,
    author = "Anastasios Stasinopoulos",    
    title = "{Commix - Command Injection Exploiter}",
    howpublished = "\url{https://github.com/commixproject/commix}",
    year = "2006" 
};

@misc{metasploit2004,
    author = "Rapid7",    
    title = "{Metasploit Framework}",
    howpublished = "\url{https://metasploit.help.rapid7.com/docs}",
    year = "2004" 
};

@misc{sectools2019,
    author = "SecTools Organization",    
    title = "{SecTools Top Network Tools}",
    howpublished = "\url{https://sectools.org/}",
    year = "2019" 
};

@misc{wireshark1998,
    author = "Gerald Combs and contributors",    
    title = "{Wireshark}",
    howpublished = "\url{http://www.wireshark.org/about.html}",
    year = "1998" 
};

@misc{p0f2019,
    author = "Michal Zalewski",    
    title = "{p0f}",
    howpublished = "\url{http://lcamtuf.coredump.cx/p0f3/}",
    year = "2019" 
};

@misc{dmitry2019,
    author = "James Greig",    
    title = "{DMitry}",
    howpublished = "\url{http://mor-pah.net/software/dmitry-deepmagic-information-gathering-tool/}",
    year = "2019" 
};

@misc{etherape2019,
    author = "Juan Toledo/SourceForge",    
    title = "{EtherApe}",
    howpublished = "\url{https://etherape.sourceforge.io/introduction.html}",
    year = "2019" 
};

@misc{nmap2019,
    author = "Fyodor",    
    title = "{Nmap}",
    howpublished = "\url{http://nmap.org/}",
    year = "2019" 
};

@misc{arp2019,
    author = "Roy Hills",    
    title = "{arp-scan}",
    howpublished = "\url{https://github.com/royhills/arp-scan}",
    year = "2019" 
};

@misc{sslstrip2019,
    author = "Moxie Marlinspike",    
    title = "{sslstrip}",
    howpublished = "\url{https://github.com/moxie0/sslstrip}",
    year = "2019" 
};

@misc{webscarab2019,
    author = "Rogan Dawes",    
    title = "{WebScarab}",
    howpublished = "\url{http://dawes.za.net/rogan/webscarab/#current}"
};

@misc{zedattack2013,
    author = "OWASP",    
    title = "{OWASP Zed Attack Proxy Project}",
    howpublished = "\url{https://www.owasp.org/index.php/OWASP_Zed_Attack_Proxy_Project}",
    year = "2013"
};

@misc{hamster2019,
    author = "Robert Graham",    
    title = "{Hamster - Sidejack}",
    howpublished = "\url{http://www.erratasec.com/}"
};

@misc{nessus2019,
    author = "Tenable",    
    title = "{Nessus Vulnerability Scanner}",
    howpublished = "\url{https://www.tenable.com/products/nessus/nessus-professional}"
};

@misc{lynis2019,
    author = "Michael Boelen",    
    title = "{Lynis}",
    howpublished = "\url{https://cisofy.com/lynis/}"
};

@misc{openvas2019,
    author = "Greenbone Networks GmbH",    
    title = "{OpenVAS Framework}",
    howpublished = "\url{http://www.openvas.org}"
};

@misc{yersinia2019,
    author = "Alfredo Andres Omella, David Barroso Berrueta",    
    title = "{Yersinia}",
    howpublished = "\url{https://github.com/tomac/yersinia}"
};

@misc{burp2019,
    author = "PortSwigger",    
    title = "{Burp Suite}",
    howpublished = "\url{http://portswigger.net/burp/}"
};

@misc{golismero2019,
    author = "Daniel Garcia",    
    title = "{GoLismero}",
    howpublished = "\url{https://github.com/golismero/golismero}"
};

@misc{ghost2019,
    author = "Saviour Emmanuel Ekiko",    
    title = "{Ghost Phisher}",
    howpublished = "\url{https://github.com/savio-code/ghost-phisher}"
};

@misc{kismet2019,
    author = "Mike Kershaw",    
    title = "{Kismet}",
    howpublished = "\url{https://www.kismetwireless.net/}"
};

@misc{aircrack2019,
    author = "Thomas d’Otreppe, Original work: Christophe Devine",
    title = "{Aircrack-ng Suite}",
    howpublished = "\url{https://www.aircrack-ng.org/doku.php?id=aircrack-ng}"
};

@misc{wifite2019,
    author = "Derv Merkler",    
    title = "{Wifite}",
    howpublished = "\url{https://code.google.com/p/wifite/}"
};